    @BOOK{RLAprox,
      author =       "Lucian Busoniu and Robert Babuška and Bart De Schutter and Damien Ernst",
      title =        "Reinforcement learning and dynamic programming using function approximators",
      publisher =    "CRC Press",
      year =         "2010",
      note =         "ISBN~978-1439821084",
    }
    
    @BOOK{RLIntro,
      author =       "Richard S. Sutton and Andrew G. Barto",
      title =        "Reinforcement Learning: An Introduction",
      publisher =    "The MIT Press Cambridge",
      year =         "1998",
      note =         "ISBN~978-0262193986",
    }
    
    @BOOK{AI1,
      author =       "Vladimír Mařík and Olga Štěpánková and Jiří Lažanský and kol.",
      title =        "Umělá inteligence (1)",
      publisher =    "Academia",
      year =         "1993",
      note =         "ISBN~80-200-0496-3",
    }

    @BOOK{AI3,
      author =       "Vladimír Mařík and Olga Štěpánková and Jiří Lažanský and kol.",
      title =        "Umělá inteligence (3)",
      publisher =    "Academia",
      year =         "2001",
      note =         "ISBN~80-200-0472-6",
    }

    @BOOK{mas,
      author =       "Yoav Shoham and Kevin Leyton-Brown",
      title =        "MULTIAGENT SYSTEMS: Algorithmic, Game Theoretic, and Logical Foundations",
      publisher =    "Cambridge University Press",
      year =         "2008",
      note =         "ISBN~978-0-521-89943-7",
    }

   @MISC{berkeley,
      author =       "Dan KLein and Pieter Abbeel and col.",  
      title =        "BerkeleyX: CS188x\_1 Artificial Intelligence[online]",
      publisher =    "edx",
      year =         "2016-01-15 [cit. 2015-01-17]",
      howpublished=  "{https://courses.edx.org/courses/BerkeleyX/CS188x\_1/1T2013/}",
   }
